@book{Otrembus1977,
  author = "Otrembus",
}

@book{Hytz1925,
  author = "Hytz",
}

@book{onet2010,
  author = "Onet",
}
